@article{ppcp,
  title={Probabilistic planning with clear preferences on missing information},
  author={Likhachev, Maxim and Stentz, Anthony},
  journal={Lab Papers (GRASP)},
  pages={25},
  year={2008}
}
@inproceedings{metrics,
  title={Inverse reinforcement learning algorithms and features for robot navigation in crowds: an experimental comparison},
  author={Vasquez, Dizan and Okal, Billy and Arras, Kai O},
  booktitle={2014 IEEE/RSJ International Conference on Intelligent Robots and Systems},
  pages={1341--1346},
  year={2014},
  organization={IEEE}
}
@inproceedings{socialforces,
  title={Robot companion: A social-force based approach with human awareness-navigation in crowded environments},
  author={Ferrer, Gonzalo and Garrell, Anais and Sanfeliu, Alberto},
  booktitle={2013 IEEE/RSJ International Conference on Intelligent Robots and Systems},
  pages={1688--1694},
  year={2013},
  organization={IEEE}
}
@article{dqn,
  title={Playing atari with deep reinforcement learning},
  author={Mnih, Volodymyr and Kavukcuoglu, Koray and Silver, David and Graves, Alex and Antonoglou, Ioannis and Wierstra, Daan and Riedmiller, Martin},
  journal={arXiv preprint arXiv:1312.5602},
  year={2013}
}
@inproceedings{caseforcoop,
  title={Robot navigation in dense human crowds: the case for cooperation In: Robotics and Automation (ICRA)},
  author={Trautman, P and Ma, J and Murray, RM and Krause, A},
  booktitle={2013 IEEE International Conference On},
  pages={2153--2160},
  year={2013}
}
@inproceedings{sfm,
  title={Social-aware robot navigation in urban environments},
  author={Ferrer, Gonzalo and Garrell, Ana{\'\i}s and Sanfeliu, Alberto},
  booktitle={2013 European Conference on Mobile Robots},
  pages={331--336},
  year={2013},
  organization={IEEE}
}
@article{socialirl,
  title={Socially compliant mobile robot navigation via inverse reinforcement learning},
  author={Kretzschmar, Henrik and Spies, Markus and Sprunk, Christoph and Burgard, Wolfram},
  journal={The International Journal of Robotics Research},
  volume={35},
  number={11},
  pages={1289--1307},
  year={2016},
  publisher={SAGE Publications Sage UK: London, England}
}
@article{atarirl,
  title={Human-level control through deep reinforcement learning},
  author={Mnih, Volodymyr and Kavukcuoglu, Koray and Silver, David and Rusu, Andrei A and Veness, Joel and Bellemare, Marc G and Graves, Alex and Riedmiller, Martin and Fidjeland, Andreas K and Ostrovski, Georg and others},
  journal={Nature},
  volume={518},
  number={7540},
  pages={529},
  year={2015},
  publisher={Nature Publishing Group}
}
@inproceedings{sociallyawarerl,
  title={Socially aware motion planning with deep reinforcement learning},
  author={Chen, Yu Fan and Everett, Michael and Liu, Miao and How, Jonathan P},
  booktitle={2017 IEEE/RSJ International Conference on Intelligent Robots and Systems (IROS)},
  pages={1343--1350},
  year={2017},
  organization={IEEE}
}
@article{crowdawarerl,
  title={Crowd-robot interaction: Crowd-aware robot navigation with attention-based deep reinforcement learning},
  author={Chen, Changan and Liu, Yuejiang and Kreiss, Sven and Alahi, Alexandre},
  journal={arXiv preprint arXiv:1809.08835},
  year={2018}
}
@misc{rvo2,
  title={Rvo2 library: Reciprocal collision avoidance for real-time multi-agent simulation},
  author={van den Berg, Jur and Guy, Stephen J and Snape, Jamie and Lin, Ming C and Manocha, Dinesh},
  year={2011}
}
@misc{pyrvo2,
  author = {Sybren St√ºvel},
  title = {Python RVO2},
  year = {2017},
  publisher = {GitHub},
  journal = {GitHub repository},
  howpublished = {\url{https://github.com/sybrenstuvel/Python-RVO2/}}
}
@incollection{orca,
  title={Reciprocal n-body collision avoidance},
  author={Van Den Berg, Jur and Guy, Stephen J and Lin, Ming and Manocha, Dinesh},
  booktitle={Robotics research},
  pages={3--19},
  year={2011},
  publisher={Springer}
}
@book{suttonandbarto,
 author = {Sutton, Richard S. and Barto, Andrew G.},
 title = {Introduction to Reinforcement Learning},
 year = {1998},
 isbn = {0262193981},
 edition = {1st},
 publisher = {MIT Press},
 address = {Cambridge, MA, USA},
}

@phdthesis{uncertaintyindeeplearning,
	title={Uncertainty in deep learning},
	author={Gal, Yarin},
	year={2016},
	school={PhD thesis, University of Cambridge}
}

@inproceedings{tai2018socially,
	title={Socially compliant navigation through raw depth inputs with generative adversarial imitation learning},
	author={Tai, Lei and Zhang, Jingwei and Liu, Ming and Burgard, Wolfram},
	booktitle={2018 IEEE International Conference on Robotics and Automation (ICRA)},
	pages={1111--1117},
	year={2018},
	organization={IEEE}
}